@misc{orfeo,
  author = {AREA Science Park},
  title = {ORFEO Documentation},
  url = {https://orfeo-doc.areasciencepark.it/},
  year = {2023}
}

@misc{epyc,
  author = {AMD},
  title = {EPYC 7H12 Specifications},
  url = {https://www.amd.com/en/processors/epyc},
  year = {2023}
}

@misc{openmp,
  author = {OpenMP Architecture Review Board},
  title = {OpenMP Application Program Interface},
  url = {https://www.openmp.org/specifications/},
  year = {2023}
}
